<record><leader>00000cas a2200000 a 4500</leader><controlfield tag="001">9625249</controlfield><controlfield tag="008">830620d18151828mauwr ne      0    0eng c</controlfield><datafield ind1=" " ind2=" " tag="010"><subfield code="a">sn 83020889 </subfield></datafield><datafield ind1=" " ind2=" " tag="040"><subfield code="a">NPX</subfield><subfield code="b">eng</subfield><subfield code="c">NPX</subfield><subfield code="d">NPU</subfield><subfield code="d">NPA</subfield><subfield code="d">DLC</subfield><subfield code="d">NJW</subfield><subfield code="d">KNP</subfield><subfield code="d">MGN</subfield><subfield code="d">KNP</subfield><subfield code="d">MGN</subfield><subfield code="d">MBN</subfield><subfield code="d">NVK</subfield><subfield code="d">TGN</subfield><subfield code="d">OCL</subfield><subfield code="d">CVF</subfield><subfield code="d">NYS</subfield><subfield code="d">KRTAS</subfield><subfield code="d">DLC</subfield><subfield code="d">OCLCQ</subfield><subfield code="d">OCLCF</subfield><subfield code="d">CUS</subfield></datafield><datafield ind1=" " ind2=" " tag="042"><subfield code="a">pcc</subfield></datafield><datafield ind1=" " ind2=" " tag="043"><subfield code="a">n-us-ma</subfield></datafield><datafield ind1="0" ind2="0" tag="050"><subfield code="a">Newspaper</subfield></datafield><datafield ind1="0" ind2="0" tag="245"><subfield code="a">Berkshire star.</subfield></datafield><datafield ind1=" " ind2=" " tag="260"><subfield code="a">Stockbridge, Mass. :</subfield><subfield code="b">R.H. Ashley,</subfield><subfield code="c">1815-</subfield></datafield><datafield ind1=" " ind2=" " tag="300"><subfield code="a">v. ;</subfield><subfield code="c">51 cm.</subfield></datafield><datafield ind1=" " ind2=" " tag="310"><subfield code="a">Weekly</subfield></datafield><datafield ind1="0" ind2=" " tag="362"><subfield code="a">Vol. 26, whole no. 1352 (Nov. 30, 1815)-</subfield></datafield><datafield ind1="1" ind2=" " tag="362"><subfield code="a">Ceased in 1828.</subfield></datafield><datafield ind1=" " ind2=" " tag="500"><subfield code="a">Propectus issued Nov. 6, 1815.</subfield></datafield><datafield ind1=" " ind2=" " tag="500"><subfield code="a">Publisher: Charles Webster, May 13, 1819-&lt;Dec. 28, 1820&gt;.</subfield></datafield><datafield ind1=" " ind2=" " tag="515"><subfield code="a">Vol. 27, no. 1 (Dec. 7, 1815)-v. 36, no. 29 (June 9, 1825) also called whole no. 1353-1849.</subfield></datafield><datafield ind1=" " ind2=" " tag="530"><subfield code="a">Available on microform from Readex Microprint Corp.</subfield></datafield><datafield ind1=" " ind2=" " tag="580"><subfield code="a">Formed by union of: Berkshire reporter (Pittsfield, Mass.), and: Berkshire herald (Stockbridge, Mass.).</subfield></datafield><datafield ind1=" " ind2="0" tag="651"><subfield code="a">Stockbridge (Mass.)</subfield><subfield code="v">Newspapers.</subfield></datafield><datafield ind1=" " ind2="0" tag="651"><subfield code="a">Berkshire County (Mass.)</subfield><subfield code="v">Newspapers.</subfield></datafield><datafield ind1=" " ind2="7" tag="651"><subfield code="a">Massachusetts</subfield><subfield code="z">Berkshire County.</subfield><subfield code="2">fast</subfield><subfield code="0">(OCoLC)fst01206663</subfield></datafield><datafield ind1=" " ind2="7" tag="651"><subfield code="a">Massachusetts</subfield><subfield code="z">Stockbridge.</subfield><subfield code="2">fast</subfield><subfield code="0">(OCoLC)fst01202991</subfield></datafield><datafield ind1=" " ind2="7" tag="655"><subfield code="a">Newspapers.</subfield><subfield code="2">fast</subfield><subfield code="0">(OCoLC)fst01423814</subfield></datafield><datafield ind1=" " ind2=" " tag="752"><subfield code="a">United States</subfield><subfield code="b">Massachusetts</subfield><subfield code="c">Berkshire</subfield><subfield code="d">Stockbridge.</subfield></datafield><datafield ind1="1" ind2="4" tag="780"><subfield code="t">Berkshire reporter (Pittsfield, Mass.)</subfield><subfield code="w">(DLC)sn 83020898</subfield><subfield code="w">(OCoLC)9624802</subfield></datafield><datafield ind1="1" ind2="4" tag="780"><subfield code="t">Berkshire herald (Stockbridge, Mass.)</subfield><subfield code="w">(DLC)sn 83020897</subfield><subfield code="w">(OCoLC)9624654</subfield></datafield><datafield ind1="0" ind2="0" tag="785"><subfield code="t">Berkshire star and County Republican</subfield><subfield code="w">(DLC)sn 83020890</subfield><subfield code="w">(OCoLC)9625295</subfield></datafield><datafield ind1="4" ind2="1" tag="856"><subfield code="3">01/04/1821 to 01/03/1828</subfield><subfield code="u">http://infoweb.newsbank.com/?db=EANX&amp;s_browseRef=decades/10C1C755B3E2AF30/all.xml</subfield></datafield><datafield ind1=" " ind2=" " tag="938"><subfield code="a">Kirtas Technologies, Inc.</subfield><subfield code="b">KRTS</subfield><subfield code="n">736920</subfield></datafield></record>